<?xml version="1.0" encoding="UTF-8"?><collection xmlns="http://www.loc.gov/MARC21/slim"><record><leader>00441nam--2200133-i-4500</leader><controlfield tag="001">000034888</controlfield><controlfield tag="002">20161230</controlfield><controlfield tag="005">20161230201040</controlfield><controlfield tag="008">060222s1000------------r-----000-0-eng-d</controlfield><datafield ind1=" " ind2=" " tag="080"><subfield code="a">621.384.633:621.039.5</subfield></datafield><datafield ind1=" " ind2=" " tag="100"><subfield code="a">Nahmias, M.E</subfield></datafield><datafield ind1=" " ind2=" " tag="245"><subfield code="a">Machines atomiques.cyclotron et autres accelerateurs.piles atomiques.ed. remaniee de l`ouvrage le cyclotron 1945</subfield></datafield><datafield ind1=" " ind2=" " tag="260"><subfield code="a">Paris, Editions De La Revue D`Optique, 1950. 310p. + 17pl</subfield></datafield><datafield ind1=" " ind2=" " tag="852"><subfield code="a">10216</subfield></datafield></record></collection>